@book{levine,
  title={The Control Handbook},
  author={William Levine et al.},
  year={1996},
  publisher={CRC Press}
}
